@article{ctrl:Zhu:2009:CTB:1496909.1496922,
 author = {Zhu, Xiaoyun and Uysal, Mustafa and Wang, Zhikui and Singhal, Sharad and Merchant, Arif and Padala, Pradeep and Shin, Kang},
 title = {What does control theory bring to systems research?},
 journal = {SIGOPS Oper. Syst. Rev.},
 volume = {43},
 issue = {1},
 month = {January},
 year = {2009},
 issn = {0163-5980},
 pages = {62--69},
 numpages = {8},
 url = {http://doi.acm.org/10.1145/1496909.1496922},
 doi = {http://doi.acm.org/10.1145/1496909.1496922},
 acmid = {1496922},
 publisher = {ACM},
 address = {New York, NY, USA},
 keywords = {control theory, dynamics, model, stability, systems research},
} 

@INPROCEEDINGS{ctrl:chen-ghwbhs:2010,
author={Yuan Chen and Gmach, D. and Hyser, C. and Wang, Z. and Bash, C. and Hoover, C. and Singhal, S.},
booktitle={Network Operations and Management Symposium (NOMS), 2010 IEEE}, title={Integrated management of application performance, power and cooling in data centers},
year={2010},
month=april,
volume={},
number={},
pages={615 -622},
keywords={application performance management;cooling infrastructure;data centers;dynamic workload migration;energy consumption reduction;integrated management;power infrastructure;computer centres;computer network management;cooling;},
doi={10.1109/NOMS.2010.5488433},
ISSN={1542-1201},}

@ARTICLE{ctrl:ariba-GL:2009,
author={Ariba, Y. and Gouaisbaut, F. and Labit, Y.},
journal={Network and Service Management, IEEE Transactions on}, title={Feedback control for router management and TCP/IP network stability},
year={2009},
month=december ,
volume={6},
number={4},
pages={255 -266},
keywords={AQM design;QoS;TCP/IP network stability;active queue management;communication networks;feedback control theory;modified fluid flow model;multiple time delay systems;network topology;quadratic separation framework;quality of service;router management;structured state feedback;telecommunication congestion control;transmission control protocol;computer network management;delays;quality of service;queueing theory;stability;state feedback;telecommunication congestion control;telecommunication network topology;time-varying systems;transport protocols;},
doi={10.1109/TNSM.2009.04.090405},
ISSN={1932-4537},}

@ARTICLE{ctrl:wang-cgswrzh:2009,
author={Zhikui Wang and Yuan Chen and Gmach, D. and Singhal, S. and Watson, B.J. and Rivera, W. and Xiaoyun Zhu and Hyser, C.D.},
journal={Network and Service Management, IEEE Transactions on}, title={AppRAISE: application-level performance management in virtualized server environments},
year={2009},
month=december ,
volume={6},
number={4},
pages={240 -254},
keywords={AppRAISE;CPU resources application;RUBiS benchmark application;Xen virtual machines;across multiple virtual machines;application level performance management;feedback reactive control;integrating feedforward prediction;performance management solution;time varying resource demands;traditional queuing model;virtual machine capacity;virtual machine resizing;virtualized server environments;feedback;feedforward;queueing theory;resource allocation;virtual machines;},
doi={10.1109/TNSM.2009.04.090404},
ISSN={1932-4537},}

@ARTICLE{ctrl:kjaer-kr:2009,
author={Kjaer, M.A. and Kihl, M. and Robertsson, A.},
journal={Network and Service Management, IEEE Transactions on}, title={Resource allocation and disturbance rejection in web servers using SLAs and virtualized servers},
year={2009},
month=december ,
volume={6},
number={4},
pages={226 -239},
keywords={IT enterprise;Web Server;discrete event simulation;disturbance rejection;feedforward system;offline estimation;online adaption;resource allocation;resource management;virtualized servers;discrete event simulation;feedforward;file servers;parameter estimation;resource allocation;telecommunication control;},
doi={10.1109/TNSM.2009.04.090403},
ISSN={1932-4537},}

@ARTICLE{ctrl:abdelwahed-bsk:2009,
author={Abdelwahed, S. and Jia Bai and Rong Su and Kandasamy, N.},
journal={Network and Service Management, IEEE Transactions on}, title={On the application of predictive control techniques for adaptive performance management of computing systems},
year={2009},
month=december ,
volume={6},
number={4},
pages={212 -225},
keywords={adaptive performance management;automatic control synthesis;computing system management;performance specification;predictive control techniques;real-time computing system;system modeling;adaptive control;control engineering computing;fault tolerant computing;predictive control;real-time systems;},
doi={10.1109/TNSM.2009.04.090402},
ISSN={1932-4537},}

@ARTICLE{ctrl:hellerstein-sw:2009,
author={Hellerstein, J. and Singhal, S. and Qian Wang},
journal={Network and Service Management, IEEE Transactions on}, title={Research challenges in control engineering of computing systems},
year={2009},
month=december ,
volume={6},
number={4},
pages={206 -211},
keywords={closed loop systems;control engineering computing;control theory;software systems;closed loop systems;control engineering;control theory;software engineering;},
doi={10.1109/TNSM.2009.04.090401},
ISSN={1932-4537},}