@MISC{Emr:Web:Recovery,
  AUTHOR = "{{F}ederal {G}overnment of the {U}nited {S}tates of {A}merica}",
  TITLE = "{T}racking the {M}oney",
  MONTH = "December",
  YEAR = 2010,
  HOWPUBLISHED = "{http://www.recovery.gov}"
}

@MISC {Emr:Web:Jade,
  title = "{J}ava {A}gent {DE}velopment {F}ramework",
  month = "January",
  year = 2011,
  howpublished = "{http://jade.tilab.com/}"
}

@MISC {Emr:Web:Fipa,
  title = "{T}he {F}oundation for {I}ntelligent {P}hysical {A}gents",
  month = "January",
  year = 2011,
  howpublished = "{http://www.fipa.org}"
}

@MISC {Emr:Web:Niacin,
  title = "{P}ubmed {H}ealth - {N}iacin",
  month = "January",
  year = 2011,
  howpublished = "{http://www.ncbi.nlm.nih.gov/pubmedhealth/PMH0000700}"
}

@inproceedings{Emr:EvaluationHealthInf,
 author = {Sunyaev, A. and Kaletsch, A. and Krcmar, H.},
 title = {{C}omparative {E}valuation of {G}oogle {H}ealth {API} vs. {M}icrosoft {H}ealthVault {API}},
 booktitle = {{P}roceedings of the {T}hird {I}nternational {C}onference on {H}ealth {I}nformatics},
 series = {HealthInf 2010},
 year = {2010},
 location = {Valencia, Spain},
 pages = {195--201},
 numpages = {7},
 publisher = {INSTICC},
 address = {Setubal, Portugal},
} 

@article{Emr:PyAmWaCr,
    author  = {Pyper C. and Amery, J. and Watson, M. and Crook, C.},
    title   = {{A}ccess to {E}lectronic {H}ealth {R}ecords in {P}rimary {C}are - {A} {S}urvey of {P}atients' {V}iews},
    year    = {2004},
    journal = {Medical Science Monitor},
    volume  = {10},
    number  = {11}
}

@MISC {Emr:Web:BestCaseEMR,
  author={Jack Powers},
  title = "{G}oogle {H}ealth 2018: {B}est {C}ase {S}cenarios",
  month = "May",
  year = 2008,
  howpublished = "{http://in3.org/articles/gh2018best.htm}"
}

@MISC {Emr:Web:WorstCaseEMR,
  author={Jack Powers},
  title = "{G}oogle {H}ealth 2018: {W}orst {C}ase {S}cenarios",
  month = "June",
  year = 2008,
  howpublished = "{http://in3.org/articles/gh2018worst.htm}"
}

@article{Emr:doi:10.1056/NEJMc081118,
  title = {{S}hifts in {H}ealth {I}nformation},
  journal = {New England Journal of Medicine},
  volume = {359},
  number = {2},
  pages = {209-210},
  year = {2008},
  doi = {10.1056/NEJMc081118},
  URL = {http://www.nejm.org/doi/abs/10.1056/NEJMc081118},
  eprint = {http://www.nejm.org/doi/pdf/10.1056/NEJMc081118}
}

@article{Emr:doi:10.1056/NEJMsb0800220,
  author = {Mandl, Kenneth D. and Kohane, Isaac S.},
  title = {{T}ectonic {S}hifts in the {H}ealth {I}nformation {E}conomy},
  journal = {New England Journal of Medicine},
  volume = {358},
  number = {16},
  pages = {1732-1737},
  year = {2008},
  doi = {10.1056/NEJMsb0800220},
  URL = {http://www.nejm.org/doi/abs/10.1056/NEJMsb0800220},
  eprint = {http://www.nejm.org/doi/pdf/10.1056/NEJMsb0800220}
}

@MISC {Emr:Web:VirginHealthMiles,
  title = "{V}irgin {H}ealth{M}iles",
  month = "January",
  year = 2011,
  howpublished = "{http://us.virginhealthmiles.com}"
}

