@MISC {Sose:Web:Defns,
  title = "{IEEE} {SMC} 2005 {C}onference {T}heme",
  month = "March",
  year = 2011,
  howpublished = "{http://ieeesmc2005.unm.edu/SoSE\_Defn.htm}"
}

@article{Sose:SageCuppan:2001,
	author = {Sage, Andrew P. and Cuppan, Christopher D.},
	title = {On the Systems Engineering and Management of Systems of Systems and Federations of Systems},
	journal = {Inf. Knowl. Syst. Manag.},
	volume = {2},
	issue = {4},
	month = {December},
	year = {2001},
	issn = {1389-1995},
	pages = {325--345},
	numpages = {21},
	url = {http://portal.acm.org/citation.cfm?id=1234195.1234200},
	acmid = {1234200},
	publisher = {IOS Press},
	address = {Amsterdam, The Netherlands, The Netherlands},
} 
